
@article{PTDP2022,
	AUTHOR =       "Pipatphon Lapamonpinyo and Sybil Derrible and Francesco Corman",
	TITLE =        "Real-Time Passenger Train Delay Prediction Using Machine Learning: A Case Study with Amtrak Passenger Train Routes",
	JOURNAL =      "IEEE Open Journal of Intelligent Transportation Systems",
	VOLUME =       "3",
	NUMBER =       "",
	PAGES =        "539-550",
	YEAR =         "2022",
	DOI =          "10.1109/OJITS.2022.3194879"
}

@book{DataMiningbook,
	author    = "Jiawei Han and Micheline Kamber and Jian Pei",
	title     = "Data Mining: Concepts and Techniques (The Morgan Kaufmann Series in Data Management Systems)",
	year      = "c2012",
	edition	  = "3rd ed.",
	publisher = "Burlington, Mass. : Elseviern"
}
@article{jrfm16010051,
	AUTHOR = "Chen, Junwei",
	TITLE = "Analysis of Bitcoin Price Prediction Using Machine Learning",
	JOURNAL = "Journal of Risk and Financial Management",
	VOLUME = "16",
	YEAR = "2023",
	NUMBER = "1",
	ARTICLE-NUMBER = "51",
	URL = "https://www.mdpi.com/1911-8074/16/1/51",
	ISSN = "1911-8074",
	DOI = "10.3390/jrfm16010051"
}

@article{9776665,
	author= "N, Ramya and R, Sanjay Roshan and R, Vishal Srinivas and D, Krishna Prasad",
	booktitle= "2022 6th International Conference on Trends in Electronics and Informatics (ICOEI)", 
	title="Crypto-Currency Price Prediction using Machine Learning", 
	volume= "",
	number="",
	pages="1455-1458",
	year="2022",
	DOI="10.1109/ICOEI53556.2022.9776665"
}


@misc{overleaf,
	author    = "Overleaf",
	title     = "Overleaf LaTeX tutorials",
	year      = "2023",
	url       = "https://www.overleaf.com/learn/latex/Tutorials"
}
