@article{cryptoMarket,
  title={Multiscale characteristics of the emerging global cryptocurrency market},
  author={W{\k{a}}torek, Marcin and Dro{\.z}d{\.z}, Stanis{\l}aw and Kwapie{\'n}, Jaros{\l}aw and Minati, Ludovico and O{\'s}wi{\k{e}}cimka, Pawe{\l} and Stanuszek, Marek},
  journal={Physics Reports},
  volume={901},
  pages={1--82},
  year={2021},
  publisher={Elsevier}
}

@inproceedings{kucoinAPI,
  title={Arbitrage in Cryptocurrency: A Survey},
  author={Khetan, Ishaan and Sheth, Palnaa and Dalal, Sarthak and Mistry, Sarthak and Sharma, Varija and Katre, Neha},
  booktitle={2021 5th International Conference on Information Systems and Computer Networks (ISCON)},
  pages={1--4},
  year={2021},
  organization={IEEE}
}

@book{patternRecognition,
  title={Pattern recognition},
  author={Theodoridis, Sergios and Koutroumbas, Konstantinos},
  year={2006},
  publisher={Elsevier}
}

@article{Bollinger,
  title={Using bollinger bands},
  author={Bollinger, John},
  journal={Stocks \& Commodities},
  volume={10},
  number={2},
  pages={47--51},
  year={1992}
}

@inproceedings{APIbot,
  title={APIBot: question answering bot for API documentation},
  author={Tian, Yuan and Thung, Ferdian and Sharma, Abhishek and Lo, David},
  booktitle={2017 32nd IEEE/ACM international conference on automated software engineering (ASE)},
  pages={153--158},
  year={2017},
  organization={IEEE}
}